@book{aubanel:1606499,
   author =    {Aubanel, Eric},
   title =     {Elements of Parallel Computing},
   year =      {2016},
   isbn =      {1498727891,978-1-4987-2789-1,9781351979511,1351979515},
   publisher = {Chapman and Hall/CRC},
}

@book{hennessy:11,
   author = {Hennessy, John L. and Patterson, David A.},
   title = {Computer Architecture, Fifth Edition: A Quantitative Approach},
   year = {2011},
   isbn = {012383872X, 9780123838728},
   edition = {5th},
   publisher = {Morgan Kaufmann Publishers Inc.},
   address = {San Francisco, CA, USA},
} 

@book{stallings:09,
   author = {Stallings, William},
   title = {Computer Organization and Architecture: Designing for Performance},
   year = {2009},
   isbn = {9780136073734},
   edition = {8th},
   publisher = {Prentice Hall Press},
   address = {Upper Saddle River, NJ, USA},
} 

@article{goradiya:13,
  author  = {Bhargav C. Goradiya and Trusit Shah}, 
  title   = {Implementation of Backward Taken and Forward Not Taken Prediction Techniques in SimpleScalar},
  journal = {International Journal of Advanced Research in
Computer Science and Software Engineering},
  year    = 2013,
  number  = 6,
  pages   = {859-863},
  month   = 6,
  note    = {An optional note}, 
  volume  = 3
}

@article{yeh:92,
 	author = {Yeh, Tse-Yu and Patt, Yale N.},
 	title = {Alternative Implementations of Two-level Adaptive Branch Prediction},
 	journal = {SIGARCH Comput. Archit. News},
 	issue_date = {May 1992},
 	volume = {20},
 	number = {2},
 	month = apr,
 	year = {1992},
 	issn = {0163-5964},
 	pages = {124--134},
 	numpages = {11},
 	url = {http://doi.acm.org/10.1145/146628.139709},
 	doi = {10.1145/146628.139709},
 	acmid = {139709},
 	publisher = {ACM},
 	address = {New York, NY, USA},
} 

@article{yeh:93,
   author = {Yeh, Tse-Yu and Patt, Yale N.},
   title = {A Comparison of Dynamic Branch Predictors That Use Two Levels of Branch History},
   journal = {SIGARCH Comput. Archit. News},
   issue_date = {May 1993},
   volume = {21},
   number = {2},
   month = may,
   year = {1993},
   issn = {0163-5964},
   pages = {257--266},
   numpages = {10},
   url = {http://doi.acm.org/10.1145/173682.165161},
   doi = {10.1145/173682.165161},
   acmid = {165161},
   publisher = {ACM},
   address = {New York, NY, USA},
} 

@misc{cheng:2000,
  title={The schemes and performances of dynamic branch predictors},
  author={Cheng, Chih-Cheng},
  year={2000},
  publisher={Technical Report, Berkeley Wireless Research Center}
}

@techreport{ruschel:16,
  title={Parallel Implementations of the Cholesky Decomposition on CPUs and GPUs},
  author={Ruschel, João P. T.},
  year={2016},
  institution={Universidade Federal do Rio Grande do Sul, Instituto de Informática}
}

@misc{vtune,
  title = {VTune Overview},
  author = {Intel Developer Zone},
  howpublished = {\url{https://software.intel.com/en-us/intel-vtune-amplifier-xe}},
  note = {Accessed: 2017-05-26}
}

@misc{papi,
  title = {PAPI Overview},
  author = {Innovative Computing Laboratory},
  howpublished = {\url{http://icl.cs.utk.edu/papi/}},
  note = {Accessed: 2017-05-22}
}

@misc{openmp,
  title = {About OpenMP},
  author = {OpenMP},
  howpublished = {\url{http://www.openmp.org}},
  note = {Accessed: 2017-05-22}
}

@misc{pthread,
  title = {Pthreads Overview},
  author = {Blaise Barney},
  howpublished = {\url{https://computing.llnl.gov/tutorials/pthreads/#Overview}},
  note = {Accessed: 2017-05-22}
}

@misc{polybench,
  title = {Description},
  author = {Computer Science and Engeneering Departament - The Ohio State University},
  howpublished = {\url{http://web.cse.ohio-state.edu/~pouchet.2/software/polybench/}},
  note = {Accessed: 2017-05-22}
}